
      <record>
         <leader>00000nz  a2200169   4500</leader>
         <controlfield tag="001">30070464</controlfield>
         <controlfield tag="003">RISM</controlfield>
         <controlfield tag="005">20160216</controlfield>
         <controlfield tag="008">160216n||az|||||||##########||||||||||||</controlfield>
         <datafield tag="040" ind1=" " ind2=" ">
            <subfield code="a">IRLN-Ails</subfield>
         </datafield>
         <datafield tag="043" ind1=" " ind2=" ">
            <subfield code="c">IRLN</subfield>
         </datafield>
         <datafield tag="110" ind1="2" ind2=" ">
            <subfield code="a">Southern Education &amp; Library Board, Irish and Local Studies Libraries &lt;Armagh&gt;</subfield>
            <subfield code="c">Armagh</subfield>
            <subfield code="g">IRLN-Ails</subfield>
         </datafield>
         <datafield tag="622" ind1=" " ind2=" ">
            <subfield code="u">http://www.selb.org</subfield>
         </datafield>
      </record>