
      <record>
         <leader>00000nz  a2200169   4500</leader>
         <controlfield tag="001">30070465</controlfield>
         <controlfield tag="003">RISM</controlfield>
         <controlfield tag="005">20160216</controlfield>
         <controlfield tag="008">160216n||az|||||||##########||||||||||||</controlfield>
         <datafield tag="040" ind1=" " ind2=" ">
            <subfield code="a">IRLN-Apc</subfield>
         </datafield>
         <datafield tag="043" ind1=" " ind2=" ">
            <subfield code="c">IRLN</subfield>
         </datafield>
         <datafield tag="110" ind1="2" ind2=" ">
            <subfield code="a">St Patrick's Church of Ireland Cathedral, Library</subfield>
            <subfield code="c">Armagh</subfield>
            <subfield code="g">IRLN-Apc</subfield>
         </datafield>
         <datafield tag="580" ind1=" " ind2=" ">
            <subfield code="x">IRLN-Ar</subfield>
            <subfield code="0">30070463</subfield>
         </datafield>
         <datafield tag="622" ind1=" " ind2=" ">
            <subfield code="u">http://www.stpatricks-cathedral.org</subfield>
         </datafield>
      </record>