
      <record>
         <leader>00000nz  a2200169   4500</leader>
         <controlfield tag="001">30070463</controlfield>
         <controlfield tag="003">RISM</controlfield>
         <controlfield tag="005">20160216</controlfield>
         <controlfield tag="008">160216n||az|||||||##########||||||||||||</controlfield>
         <datafield tag="040" ind1=" " ind2=" ">
            <subfield code="a">IRLN-Ar</subfield>
         </datafield>
         <datafield tag="043" ind1=" " ind2=" ">
            <subfield code="c">IRLN</subfield>
         </datafield>
         <datafield tag="110" ind1="2" ind2=" ">
            <subfield code="a">Armagh Public Library, Robinson Library</subfield>
            <subfield code="c">Armagh</subfield>
            <subfield code="g">IRLN-Ar</subfield>
         </datafield>
         <datafield tag="622" ind1=" " ind2=" ">
            <subfield code="e">Armagh Public Library, Robinson Library, 43 Abbey Street, Armagh BT61 7DY, Northern Ireland</subfield>
            <subfield code="u">http://www.armaghrobinsonlibrary.org</subfield>
         </datafield>
      </record>