
      <record>
         <leader>00000nz  a2200169   4500</leader>
         <controlfield tag="001">30070466</controlfield>
         <controlfield tag="003">RISM</controlfield>
         <controlfield tag="005">20160216</controlfield>
         <controlfield tag="008">160216n||az|||||||##########||||||||||||</controlfield>
         <datafield tag="040" ind1=" " ind2=" ">
            <subfield code="a">IRLN-Bcl</subfield>
         </datafield>
         <datafield tag="110" ind1="2" ind2=" ">
            <subfield code="a">Belfast Central Library - Music Library</subfield>
            <subfield code="c">Belfast</subfield>
            <subfield code="g">IRLN-Bcl</subfield>
         </datafield>
         <datafield tag="622" ind1=" " ind2=" ">
            <subfield code="e">Belfast Central Library - Music Library, Royal Avenue, Belfast BT1 1EA, Northern Ireland</subfield>
            <subfield code="u">http://www.ni-libraries.net/libraries/belfast-central-library-music-library/</subfield>
         </datafield>
      </record>