
      <record>
         <leader>00000nz  a2200169   4500</leader>
         <controlfield tag="001">30061519</controlfield>
         <controlfield tag="003">RISM</controlfield>
         <controlfield tag="005">20160216</controlfield>
         <controlfield tag="008">160216n||az|||||||##########||||||||||||</controlfield>
         <datafield tag="040" ind1=" " ind2=" ">
            <subfield code="a">IRLN-Bu</subfield>
         </datafield>
         <datafield tag="043" ind1=" " ind2=" ">
            <subfield code="c">IRLN</subfield>
         </datafield>
         <datafield tag="110" ind1="2" ind2=" ">
            <subfield code="a">Queen's University Library &lt;Belfast&gt;</subfield>
            <subfield code="c">Belfast</subfield>
            <subfield code="g">IRLN-Bu</subfield>
         </datafield>
         <datafield tag="622" ind1=" " ind2=" ">
            <subfield code="u">http://www.qub.ac.uk</subfield>
         </datafield>
      </record>