
      <record>
         <leader>00000nz  a2200169   4500</leader>
         <controlfield tag="001">30070477</controlfield>
         <controlfield tag="003">RISM</controlfield>
         <controlfield tag="005">20160216</controlfield>
         <controlfield tag="008">160216n||az|||||||##########||||||||||||</controlfield>
         <datafield tag="040" ind1=" " ind2=" ">
            <subfield code="a">IRLN-COuu</subfield>
         </datafield>
         <datafield tag="043" ind1=" " ind2=" ">
            <subfield code="c">IRLN</subfield>
         </datafield>
         <datafield tag="110" ind1="2" ind2=" ">
            <subfield code="a">Univerity of Ulster at Coleraine, Library &lt;Coleraine&gt;</subfield>
            <subfield code="c">Coleraine</subfield>
            <subfield code="g">IRLN-COuu</subfield>
         </datafield>
         <datafield tag="622" ind1=" " ind2=" ">
            <subfield code="u">http://www.ulster.ac.uk/library</subfield>
         </datafield>
      </record>