
      <record>
         <leader>00000nz  a2200169   4500</leader>
         <controlfield tag="001">30070496</controlfield>
         <controlfield tag="003">RISM</controlfield>
         <controlfield tag="005">20160216</controlfield>
         <controlfield tag="008">160216n||az|||||||##########||||||||||||</controlfield>
         <datafield tag="040" ind1=" " ind2=" ">
            <subfield code="a">IRLN-LDdr</subfield>
         </datafield>
         <datafield tag="043" ind1=" " ind2=" ">
            <subfield code="c">IRLN</subfield>
         </datafield>
         <datafield tag="110" ind1="2" ind2=" ">
            <subfield code="a">Derry and Raphoe Diocesan Library, Rare Books Room, Learning Resource Centre, University of Ulster at Magee College</subfield>
            <subfield code="c">Londonderry</subfield>
            <subfield code="g">IRLN-LDdr</subfield>
         </datafield>
         <datafield tag="580" ind1=" " ind2=" ">
            <subfield code="x">IRLN-LDuu</subfield>
            <subfield code="0">30070497</subfield>
         </datafield>
         <datafield tag="622" ind1=" " ind2=" ">
            <subfield code="u">http://www.derryraphoelibrary.org</subfield>
         </datafield>
      </record>