
      <record>
         <leader>00000nz  a2200169   4500</leader>
         <controlfield tag="001">30070497</controlfield>
         <controlfield tag="003">RISM</controlfield>
         <controlfield tag="005">20160216</controlfield>
         <controlfield tag="008">160216n||az|||||||##########||||||||||||</controlfield>
         <datafield tag="040" ind1=" " ind2=" ">
            <subfield code="a">IRLN-LDuu</subfield>
         </datafield>
         <datafield tag="043" ind1=" " ind2=" ">
            <subfield code="c">IRLN</subfield>
         </datafield>
         <datafield tag="110" ind1="2" ind2=" ">
            <subfield code="a">University of Ulster at Magee College, Library</subfield>
            <subfield code="c">Londonderry</subfield>
            <subfield code="g">IRLN-LDuu</subfield>
         </datafield>
         <datafield tag="622" ind1=" " ind2=" ">
            <subfield code="e">University of Ulster at Magee College,,  Library, Northland Road, Londonderry BT48 7JL, Northern Ireland</subfield>
            <subfield code="u">http://www.ulst.ac.uk/library/magee</subfield>
         </datafield>
      </record>